
      <record>
         <leader>00000nz  a2200169   4500</leader>
         <controlfield tag="001">30001336</controlfield>
         <controlfield tag="003">RISM</controlfield>
         <controlfield tag="005">20160216</controlfield>
         <controlfield tag="008">160216n||az|||||||##########||||||||||||</controlfield>
         <datafield tag="040" ind1=" " ind2=" ">
            <subfield code="a">DK-CHlarsen</subfield>
         </datafield>
         <datafield tag="043" ind1=" " ind2=" ">
            <subfield code="c">XA-DK</subfield>
         </datafield>
         <datafield tag="110" ind1="2" ind2=" ">
            <subfield code="a">Privatbibliotek Jens Peter Larsen</subfield>
            <subfield code="c">Charlottenlund</subfield>
            <subfield code="g">DK-CHlarsen</subfield>
         </datafield>
         <datafield tag="580" ind1=" " ind2=" ">
            <subfield code="x">DK-Kv</subfield>
            <subfield code="0">30001350</subfield>
         </datafield>
      </record>