
      <record>
         <leader>00000nz  a2200169   4500</leader>
         <controlfield tag="001">30001341</controlfield>
         <controlfield tag="003">RISM</controlfield>
         <controlfield tag="005">20160216</controlfield>
         <controlfield tag="008">160216n||az|||||||##########||||||||||||</controlfield>
         <datafield tag="040" ind1=" " ind2=" ">
            <subfield code="a">DK-Kc</subfield>
         </datafield>
         <datafield tag="043" ind1=" " ind2=" ">
            <subfield code="c">XA-DK</subfield>
         </datafield>
         <datafield tag="110" ind1="2" ind2=" ">
            <subfield code="a">Carl Claudius musikhistoriske Samling</subfield>
            <subfield code="c">København</subfield>
            <subfield code="g">DK-Kc</subfield>
         </datafield>
         <datafield tag="580" ind1=" " ind2=" ">
            <subfield code="x">DK-Km</subfield>
            <subfield code="0">30001346</subfield>
         </datafield>
         <datafield tag="622" ind1=" " ind2=" ">
            <subfield code="e">Carl Claudius musikhistoriske Samling, Åbenrå 30, 1124 København K, Denmark</subfield>
            <subfield code="u">http://www.natmus.dk/</subfield>
         </datafield>
      </record>