
      <record>
         <leader>00000nz  a2200169   4500</leader>
         <controlfield tag="001">30001343</controlfield>
         <controlfield tag="003">RISM</controlfield>
         <controlfield tag="005">20160216</controlfield>
         <controlfield tag="008">160216n||az|||||||##########||||||||||||</controlfield>
         <datafield tag="040" ind1=" " ind2=" ">
            <subfield code="a">DK-Kh</subfield>
         </datafield>
         <datafield tag="043" ind1=" " ind2=" ">
            <subfield code="c">XA-DK</subfield>
         </datafield>
         <datafield tag="110" ind1="2" ind2=" ">
            <subfield code="a">Københavns Kommunes Biblioteker, Hovedbiblioteket</subfield>
            <subfield code="c">København</subfield>
            <subfield code="g">DK-Kh</subfield>
         </datafield>
         <datafield tag="622" ind1=" " ind2=" ">
            <subfield code="e">Københavns Kommunes Biblioteker,,  Hovedbiblioteket, Kultorvet 2, 1175 København K., Denmark</subfield>
         </datafield>
      </record>