
      <record>
         <leader>00000nz  a2200169   4500</leader>
         <controlfield tag="001">30001344</controlfield>
         <controlfield tag="003">RISM</controlfield>
         <controlfield tag="005">20160216</controlfield>
         <controlfield tag="008">160216n||az|||||||##########||||||||||||</controlfield>
         <datafield tag="040" ind1=" " ind2=" ">
            <subfield code="a">DK-Kk</subfield>
         </datafield>
         <datafield tag="043" ind1=" " ind2=" ">
            <subfield code="c">XA-DK</subfield>
         </datafield>
         <datafield tag="110" ind1="2" ind2=" ">
            <subfield code="a">Det Kongelige Bibliotek</subfield>
            <subfield code="c">København</subfield>
            <subfield code="g">DK-Kk</subfield>
         </datafield>
         <datafield tag="410" ind1="2" ind2=" ">
            <subfield code="a">Nationalbibliotek og Københavns Universitetsbibliotek</subfield>
         </datafield>
         <datafield tag="622" ind1=" " ind2=" ">
            <subfield code="e">Det Kongelige Bibliotek, Søren Kierkegaards Plads 1, Postfach 2149, 1016 København K, Denmark</subfield>
            <subfield code="u">http://www.kb.dk/</subfield>
         </datafield>
      </record>