
      <record>
         <leader>00000nz  a2200169   4500</leader>
         <controlfield tag="001">30001346</controlfield>
         <controlfield tag="003">RISM</controlfield>
         <controlfield tag="005">20160216</controlfield>
         <controlfield tag="008">160216n||az|||||||##########||||||||||||</controlfield>
         <datafield tag="040" ind1=" " ind2=" ">
            <subfield code="a">DK-Km</subfield>
         </datafield>
         <datafield tag="043" ind1=" " ind2=" ">
            <subfield code="c">XA-DK</subfield>
         </datafield>
         <datafield tag="110" ind1="2" ind2=" ">
            <subfield code="a">Musikmuseet</subfield>
            <subfield code="c">Frederiksberg</subfield>
            <subfield code="g">DK-Km</subfield>
         </datafield>
         <datafield tag="410" ind1="2" ind2=" ">
            <subfield code="a">Musikhistorisk Museum og Carl Claudius samlings, Bibliotek</subfield>
         </datafield>
         <datafield tag="622" ind1=" " ind2=" ">
            <subfield code="e">Musikmuseet, Rosenørns Allé 22, 1970 Frederiksberg C, Denmark</subfield>
            <subfield code="u">http://natmus.dk/musikmuseet/</subfield>
         </datafield>
      </record>