
      <record>
         <leader>00000nz  a2200169   4500</leader>
         <controlfield tag="001">30001347</controlfield>
         <controlfield tag="003">RISM</controlfield>
         <controlfield tag="005">20160216</controlfield>
         <controlfield tag="008">160216n||az|||||||##########||||||||||||</controlfield>
         <datafield tag="040" ind1=" " ind2=" ">
            <subfield code="a">DK-Ks</subfield>
         </datafield>
         <datafield tag="043" ind1=" " ind2=" ">
            <subfield code="c">XA-DK</subfield>
         </datafield>
         <datafield tag="110" ind1="2" ind2=" ">
            <subfield code="a">Edition S - Samfundet til Udgivelse af Dansk musik</subfield>
            <subfield code="c">Frederiksberg</subfield>
            <subfield code="g">DK-Ks</subfield>
         </datafield>
         <datafield tag="410" ind1="2" ind2=" ">
            <subfield code="a">Society for Publication of Danish Music</subfield>
         </datafield>
         <datafield tag="622" ind1=" " ind2=" ">
            <subfield code="e">Edition S - Samfundet til Udgivelse af,  Dansk musik, Worsaaesvej 19, 5. sal, 1972 Frederiksberg C, Denmark</subfield>
            <subfield code="u">http://www.edition-s.dk/</subfield>
         </datafield>
      </record>