
      <record>
         <leader>00000nz  a2200169   4500</leader>
         <controlfield tag="001">30001348</controlfield>
         <controlfield tag="003">RISM</controlfield>
         <controlfield tag="005">20160216</controlfield>
         <controlfield tag="008">160216n||az|||||||##########||||||||||||</controlfield>
         <datafield tag="040" ind1=" " ind2=" ">
            <subfield code="a">DK-Kt</subfield>
         </datafield>
         <datafield tag="043" ind1=" " ind2=" ">
            <subfield code="c">XA-DK</subfield>
         </datafield>
         <datafield tag="110" ind1="2" ind2=" ">
            <subfield code="a">Teatermuseet</subfield>
            <subfield code="c">København</subfield>
            <subfield code="g">DK-Kt</subfield>
         </datafield>
         <datafield tag="410" ind1="2" ind2=" ">
            <subfield code="a">Teaterhistorisk Museum</subfield>
         </datafield>
         <datafield tag="622" ind1=" " ind2=" ">
            <subfield code="e">Teatermuseet, Christiansborg Ridebane 10 og 18, 1218 København K, Denmark</subfield>
         </datafield>
      </record>