
      <record>
         <leader>00000nz  a2200169   4500</leader>
         <controlfield tag="001">30001350</controlfield>
         <controlfield tag="003">RISM</controlfield>
         <controlfield tag="005">20160216</controlfield>
         <controlfield tag="008">160216n||az|||||||##########||||||||||||</controlfield>
         <datafield tag="040" ind1=" " ind2=" ">
            <subfield code="a">DK-Kv</subfield>
         </datafield>
         <datafield tag="043" ind1=" " ind2=" ">
            <subfield code="c">XA-DK</subfield>
         </datafield>
         <datafield tag="110" ind1="2" ind2=" ">
            <subfield code="a">Musikvidenskabeligt Institut Københavns Universitet, Bibliotek</subfield>
            <subfield code="c">København</subfield>
            <subfield code="g">DK-Kv</subfield>
         </datafield>
         <datafield tag="410" ind1="2" ind2=" ">
            <subfield code="a">Kobenhavns Universitets Musikvidenskabelige Institut</subfield>
         </datafield>
         <datafield tag="622" ind1=" " ind2=" ">
            <subfield code="e">Musikvidenskabeligt Institut Københavns,  Universitet, Bibliotek, Klerkegade 2, 1308 København K, Denmark</subfield>
            <subfield code="u">http://musikvidenskab.ku.dk/</subfield>
         </datafield>
      </record>