
      <record>
         <leader>00000nz  a2200169   4500</leader>
         <controlfield tag="001">30001351</controlfield>
         <controlfield tag="003">RISM</controlfield>
         <controlfield tag="005">20160216</controlfield>
         <controlfield tag="008">160216n||az|||||||##########||||||||||||</controlfield>
         <datafield tag="040" ind1=" " ind2=" ">
            <subfield code="a">DK-Ol</subfield>
         </datafield>
         <datafield tag="043" ind1=" " ind2=" ">
            <subfield code="c">XA-DK</subfield>
         </datafield>
         <datafield tag="110" ind1="2" ind2=" ">
            <subfield code="a">Landsarkivet for Fyen</subfield>
            <subfield code="c">Odense</subfield>
            <subfield code="g">DK-Ol</subfield>
         </datafield>
         <datafield tag="410" ind1="2" ind2=" ">
            <subfield code="a">Karen Brahes Bibliotek</subfield>
         </datafield>
         <datafield tag="622" ind1=" " ind2=" ">
            <subfield code="e">Landsarkivet for Fyen, Jernbanegade 36, 5000 Odense, Denmark</subfield>
         </datafield>
      </record>