
      <record>
         <leader>00000nz  a2200169   4500</leader>
         <controlfield tag="001">30001352</controlfield>
         <controlfield tag="003">RISM</controlfield>
         <controlfield tag="005">20160216</controlfield>
         <controlfield tag="008">160216n||az|||||||##########||||||||||||</controlfield>
         <datafield tag="040" ind1=" " ind2=" ">
            <subfield code="a">DK-Ou</subfield>
         </datafield>
         <datafield tag="043" ind1=" " ind2=" ">
            <subfield code="c">XA-DK</subfield>
         </datafield>
         <datafield tag="110" ind1="2" ind2=" ">
            <subfield code="a">Syddansk Universitetsbibliotek</subfield>
            <subfield code="c">Odense</subfield>
            <subfield code="g">DK-Ou</subfield>
         </datafield>
         <datafield tag="410" ind1="2" ind2=" ">
            <subfield code="a">Universitetsbibliotek, Musikafdelingen</subfield>
         </datafield>
         <datafield tag="622" ind1=" " ind2=" ">
            <subfield code="e">Syddansk Universitetsbibliotek, Campusvej 55, 5230 Odense M, Denmark</subfield>
            <subfield code="u">http://www.sdu.dk/sdub/</subfield>
         </datafield>
         <datafield tag="710" ind1="2" ind2=" ">
            <subfield code="a">Centralbiblioteket, Stiftsbiblioteket, Odense</subfield>
            <subfield code="0">30077464</subfield>
         </datafield>
      </record>