
      <record>
         <leader>00000nz  a2200169   4500</leader>
         <controlfield tag="001">30001353</controlfield>
         <controlfield tag="003">RISM</controlfield>
         <controlfield tag="005">20160216</controlfield>
         <controlfield tag="008">160216n||az|||||||##########||||||||||||</controlfield>
         <datafield tag="040" ind1=" " ind2=" ">
            <subfield code="a">DK-Rk</subfield>
         </datafield>
         <datafield tag="043" ind1=" " ind2=" ">
            <subfield code="c">XA-DK</subfield>
         </datafield>
         <datafield tag="110" ind1="2" ind2=" ">
            <subfield code="a">Ribe Katedralskoles- og Stiftsbibliotek</subfield>
            <subfield code="c">Ribe</subfield>
            <subfield code="g">DK-Rk</subfield>
         </datafield>
         <datafield tag="622" ind1=" " ind2=" ">
            <subfield code="e">Ribe Katedralskoles- og Stiftsbibliotek, Puggaardsgade, 6760 Ribe, Denmark</subfield>
         </datafield>
      </record>