
      <record>
         <leader>00000nz  a2200169   4500</leader>
         <controlfield tag="001">30001354</controlfield>
         <controlfield tag="003">RISM</controlfield>
         <controlfield tag="005">20160216</controlfield>
         <controlfield tag="008">160216n||az|||||||##########||||||||||||</controlfield>
         <datafield tag="040" ind1=" " ind2=" ">
            <subfield code="a">DK-Sa</subfield>
         </datafield>
         <datafield tag="043" ind1=" " ind2=" ">
            <subfield code="c">XA-DK</subfield>
         </datafield>
         <datafield tag="110" ind1="2" ind2=" ">
            <subfield code="a">Sorø Akademi, Biblioteket</subfield>
            <subfield code="c">Sorø</subfield>
            <subfield code="g">DK-Sa</subfield>
         </datafield>
         <datafield tag="622" ind1=" " ind2=" ">
            <subfield code="e">Sorø Akademi, Biblioteket, 4180 Sorø, Denmark</subfield>
         </datafield>
      </record>