
      <record>
         <leader>00000nz  a2200169   4500</leader>
         <controlfield tag="001">30001355</controlfield>
         <controlfield tag="003">RISM</controlfield>
         <controlfield tag="005">20160216</controlfield>
         <controlfield tag="008">160216n||az|||||||##########||||||||||||</controlfield>
         <datafield tag="040" ind1=" " ind2=" ">
            <subfield code="a">DK-Tv</subfield>
         </datafield>
         <datafield tag="043" ind1=" " ind2=" ">
            <subfield code="c">XA-DK</subfield>
         </datafield>
         <datafield tag="110" ind1="2" ind2=" ">
            <subfield code="a">Valdemars Slot</subfield>
            <subfield code="c">Tåsinge</subfield>
            <subfield code="g">DK-Tv</subfield>
         </datafield>
         <datafield tag="622" ind1=" " ind2=" ">
            <subfield code="e">Valdemars Slot, Tåsinge, 5700 Svendborg, Denmark</subfield>
         </datafield>
      </record>
   </collection>

